@misc{enwiki:1107472758,
  author = "{Wikipedia contributors}",
  title = "Climate change --- {Wikipedia}{,} The Free Encyclopedia",
  year = "2022",
  url = "https://en.wikipedia.org/w/index.php?title=Climate_change&oldid=1107472758",
  note = "[Online; accessed 30-August-2022]"
}
  
@article{pages2019consistent,
  title={Consistent multidecadal variability in global temperature reconstructions and simulations over the Common Era},
  journal={Nature geoscience},
  volume={12},
  number={8},
  pages={643--649},
  year={2019},
  publisher={Nature Publishing Group UK London}
}

@article{meier2008volunteering,
  title={Is volunteering rewarding in itself?},
  author={Meier, Stephan and Stutzer, Alois},
  journal={Economica},
  volume={75},
  number={297},
  pages={39--59},
  year={2008},
  publisher={Wiley Online Library}
}
